% This file was created with JabRef 2.9.2.
% Encoding: Cp1252

@ARTICLE{A-bar-e001,
  author = {Timothy A. Barckholtz and Terry A. Miller},
  title = {The calculation of spectroscopic Jahn-Teller parameters by ab initio
	methods},
  journal = {J. Phys. Chem. A},
  year = {1999},
  volume = {103},
  pages = {2321-2336},
  owner = {tcodd},
  timestamp = {2014.03.05}
}

@ARTICLE{barckholtz,
  author = {Timothy A. Barckholtz and Terry A. Miller},
  title = {Quantitative insights about molecules exhibiting Jahn-Teller and
	related effects},
  journal = {International Reviews in Physical Chemistry},
  year = {1998},
  volume = {17},
  pages = {435-524},
  number = {4},
  owner = {tcodd},
  timestamp = {2012.07.05}
}

@ELECTRONIC{alglib,
  author = {Sergey Bochkanov},
  title = {ALGLIB.net},
  url = {www.alglib.net},
  owner = {tcodd},
  timestamp = {2014.02.06}
}

@BOOK{c6f6review,
  title = {Molecular Ions: Spectroscopy, Structure, and Chemistry},
  publisher = {Norht-Holland},
  year = {1983},
  author = {V. E. Bondybey and Terry A. Miller},
  pages = {201-229},
  owner = {tcodd},
  timestamp = {2014.03.05}
}

@BOOK{cullum,
  title = {Lanczos Algorithms for Large Symmetric Eigenvalue Computations Vol.
	I Theory},
  publisher = {Birkh\"{a}user Boston, Inc.},
  year = {1985},
  editor = {S. Abarbanel and R. Glowinski and G. Golub and P. Henrici and H.-O.
	Kreiss},
  author = {Jane K. Cullum and Ralph A. Willoughby},
  volume = {Vol. 3},
  series = {Progress in Scientific Computing},
  owner = {tcodd},
  timestamp = {2014.03.06}
}

